<record><leader>00000cas a2200000 a 4500</leader><controlfield tag="001">15115819</controlfield><controlfield tag="008">870127d18181819pauwr ne      0    0eng c</controlfield><datafield ind1=" " ind2=" " tag="010"><subfield code="a">sn 87052060 </subfield></datafield><datafield ind1=" " ind2=" " tag="040"><subfield code="a">NPX</subfield><subfield code="b">eng</subfield><subfield code="c">NPX</subfield><subfield code="d">MGN</subfield><subfield code="d">DLC</subfield><subfield code="d">OCLCQ</subfield></datafield><datafield ind1=" " ind2=" " tag="042"><subfield code="a">pcc</subfield></datafield><datafield ind1=" " ind2=" " tag="043"><subfield code="a">n-us-pa</subfield></datafield><datafield ind1="0" ind2="0" tag="050"><subfield code="a">Newspaper</subfield></datafield><datafield ind1="0" ind2=" " tag="130"><subfield code="a">Franklin gazette (Philadelphia, Pa. : 1818 : Weekly)</subfield></datafield><datafield ind1="1" ind2="0" tag="245"><subfield code="a">Franklin gazette.</subfield></datafield><datafield ind1=" " ind2=" " tag="260"><subfield code="a">Philadelphia [Pa.] :</subfield><subfield code="b">Richard Bache</subfield></datafield><datafield ind1=" " ind2=" " tag="300"><subfield code="a">v.</subfield></datafield><datafield ind1=" " ind2=" " tag="310"><subfield code="a">Weekly</subfield></datafield><datafield ind1="1" ind2=" " tag="362"><subfield code="a">Began in 1818; ceased in Mar. 1819.</subfield></datafield><datafield ind1=" " ind2=" " tag="588"><subfield code="a">Description based on: Vol. 1, no. 18 (Aug. 8, 1818).</subfield></datafield><datafield ind1=" " ind2=" " tag="752"><subfield code="a">United States</subfield><subfield code="b">Pennsylvania</subfield><subfield code="c">Philadelphia</subfield><subfield code="d">Philadelphia.</subfield></datafield><datafield ind1="0" ind2=" " tag="775"><subfield code="t">Franklin gazette (Philadelphia, Pa. : Daily)</subfield><subfield code="w">(DLC)sn 84024578</subfield></datafield><datafield ind1="0" ind2=" " tag="775"><subfield code="t">Franklin gazette (Philadelphia, Pa. : Triweekly)</subfield><subfield code="w">(DLC)sn 87052059</subfield></datafield><datafield ind1="1" ind2=" " tag="029"><subfield code="a">AU@</subfield><subfield code="b">000042108030</subfield></datafield></record>